@article{reed2016generative,
  title={Generative adversarial text-to-image synthesis.},
  author={S. Reed and Z. Akata and S. Mohan and S. Tenka and B. Schiele and H. Lee.},
  journal={In ICML},
  year={2016}
},